@misc{conway2008strong,
      title={The Strong Free Will Theorem}, 
      author={John Conway and Simon Kochen},
      year={2008},
      eprint={0807.3286},
      archivePrefix={arXiv},
      primaryClass={quant-ph}
}

@InCollection{sep-kochen-specker,
	author       =	{Held, Carsten},
	title        =	{{The Kochen-Specker Theorem}},
	booktitle    =	{The {Stanford} Encyclopedia of Philosophy},
	editor       =	{Edward N. Zalta and Uri Nodelman},
	howpublished =	{\url{https://plato.stanford.edu/archives/fall2022/entries/kochen-specker/}},
	year         =	{2022},
	edition      =	{{F}all 2022},
	publisher    =	{Metaphysics Research Lab, Stanford University}
}

@article{Peres_1991,
doi = {10.1088/0305-4470/24/4/003},
url = {https://dx.doi.org/10.1088/0305-4470/24/4/003},
year = {1991},
month = {feb},
publisher = {},
volume = {24},
number = {4},
pages = {L175},
author = {A Peres},
title = {Two simple proofs of the Kochen-Specker theorem},
journal = {Journal of Physics A: Mathematical and General},
abstract = {A new proof of the Kochen-Specker theorem uses 33 rays, instead of 117 in the original proof. If the number of dimensions is increased from 3 to 4, only 24 rays are needed.}
}

@article{10.2307/24900629,
 ISSN = {00959057, 19435274},
 URL = {http://www.jstor.org/stable/24900629},
 author = {Andrew M. Gleason},
 journal = {Journal of Mathematics and Mechanics},
 number = {6},
 pages = {885--893},
 publisher = {Indiana University Mathematics Department},
 title = {Measures on the Closed Subspaces of a Hilbert Space},
 urldate = {2023-04-29},
 volume = {6},
 year = {1957}
}

@book{topos,
author = {Flori, Cecilia},
year = {2013},
month = {01},
pages = {},
title = {A First Course in Topos Quantum Theory},
volume = {868},
isbn = {978-3-642-35712-1},
journal = {Lecture Notes in Physics},
doi = {10.1007/978-3-642-35713-8}
}