@misc{hardy2001quantum,
      title={Quantum Theory From Five Reasonable Axioms}, 
      author={Lucien Hardy},
      year={2001},
      eprint={quant-ph/0101012},
      archivePrefix={arXiv},
      primaryClass={quant-ph}
}

@article{Schack_2003,

        title = {Quantum Theory from Four of Hardy's Axioms},
	doi = {10.1023/a:1026044329659},
  
	url = {https://doi.org/10.1023%2Fa%3A1026044329659},
  
	year = 2003,
	publisher = {Springer Science and Business Media {LLC}
},
  
	volume = {33},
  
	number = {10},
  
	pages = {1461--1468},
  
	author = {Rüdiger Schack},
  
	journal = {Foundations of Physics}
}

@article{Masanes_2011,
	doi = {10.1088/1367-2630/13/6/063001},
  
	url = {https://doi.org/10.1088%2F1367-2630%2F13%2F6%2F063001},
  
	year = 2011,
	month = {jun},
  
	publisher = {{IOP} Publishing},
  
	volume = {13},
  
	number = {6},
  
	pages = {063001},
  
	author = {Llu{\'{\i}
}s Masanes and Markus P Müller},
  
	title = {A derivation of quantum theory from physical requirements},
  
	journal = {New Journal of Physics}
}

@article{DARRIGOL,
title = {'Shut up and contemplate!': Lucien Hardy's reasonable axioms for quantum theory},
journal = {Studies in History and Philosophy of Science Part B: Studies in History and Philosophy of Modern Physics},
volume = {52},
pages = {328-342},
year = {2015},
issn = {1355-2198},
doi = {https://doi.org/10.1016/j.shpsb.2015.10.002},
url = {https://www.sciencedirect.com/science/article/pii/S135521981500091X},
author = {Olivier Darrigol},
}

@article{Oreshkov_2012,
	doi = {10.1038/ncomms2076},
  
	url = {https://doi.org/10.1038%2Fncomms2076},
  
	year = 2012,
	month = {oct},
  
	publisher = {Springer Science and Business Media {LLC}
},
  
	volume = {3},
  
	number = {1},
  
	author = {Ognyan Oreshkov and Fabio Costa and {\v{C}}aslav Brukner},
  
	title = {Quantum correlations with no causal order},
  
	journal = {Nature Communications}
}

@article{Castro_Ruiz_2018,
	doi = {10.1103/physrevx.8.011047},
  
	url = {https://doi.org/10.1103%2Fphysrevx.8.011047},
  
	year = 2018,
	month = {mar},
  
	publisher = {American Physical Society ({APS})},
  
	volume = {8},
  
	number = {1},
  
	author = {Esteban Castro-Ruiz and Flaminia Giacomini and {\v{C}}aslav Brukner},
  
	title = {Dynamics of Quantum Causal Structures},
  
	journal = {Physical Review X}
}

